@article{engelberg2011causal,
  title={The causal impact of media in financial markets},
  author={Engelberg, Joseph E and Parsons, Christopher A},
  journal={The Journal of Finance},
  volume={66},
  number={1},
  pages={67--97},
  year={2011},
  publisher={Wiley Online Library}
}

@article{huberman2001contagious,
  title={Contagious speculation and a cure for cancer: A nonevent that made stock prices soar},
  author={Huberman, Gur and Regev, Tomer},
  journal={The Journal of Finance},
  volume={56},
  number={1},
  pages={387--396},
  year={2001},
  publisher={Wiley Online Library}
}

@article{ibriyamova2017using,
  title={Using semantic fingerprinting in finance},
  author={Ibriyamova, Feriha and Kogan, Samuel and Salganik-Shoshan, Galla and Stolin, David},
  journal={Applied Economics},
  volume={49},
  number={28},
  pages={2719--2735},
  year={2017},
  publisher={Taylor \& Francis}
}

@article{ibriyamova2018predicting,
  title={Predicting stock return correlations with brief company descriptions},
  author={Ibriyamova, Feriha and Kogan, Samuel and Salganik-Shoshan, Galla and Stolin, David},
  journal={Applied Economics},
  pages={1--15},
  year={2018},
  publisher={Taylor \& Francis}
}

@article{tetlock2011all,
  title={All the news that's fit to reprint: Do investors react to stale information?},
  author={Tetlock, Paul C},
  journal={The Review of Financial Studies},
  volume={24},
  number={5},
  pages={1481--1512},
  year={2011},
  publisher={Oxford University Press}
}